 
@TechReport{Ksinant2003,
  author   = {Ksinant, Vladimir and Huitema, Christian and Thomson, Susan and Souissi, Mohsen},
  title    = {{DNS} {Extensions} to {Support} {IP} {Version} 6},
  year     = {2003},
  month    = oct,
  number   = {RFC 3596},
  abstract = {This document defines the changes that need to be made to the Domain Name System (DNS) to support hosts running IP version 6 (IPv6). The changes include a resource record type to store an IPv6 address, a domain to support lookups based on an IPv6 address, and updated definitions of existing query types that return Internet addresses as part of additional section processing. The extensions are designed to be compatible with existing applications and, in particular, DNS implementations themselves. [STANDARDS-TRACK]},
  doi      = {10.17487/RFC3596},
  file     = {:Ksinant2003 - DNS Extensions to Support IP Version 6.pdf:PDF},
  url      = {https://datatracker.ietf.org/doc/rfc3596},
  urldate  = {2023-10-20},
}

 
@TechReport{1987,
  title    = {Domain names - implementation and specification},
  year     = {1987},
  month    = nov,
  number   = {RFC 1035},
  abstract = {This RFC is the revised specification of the protocol and format used in the implementation of the Domain Name System. It obsoletes RFC-883. This memo documents the details of the domain name client - server communication.},
  doi      = {10.17487/RFC1035},
  file     = {Full Text PDF:https\://www.rfc-editor.org/rfc/pdfrfc/rfc1035.txt.pdf:application/pdf},
  url      = {https://datatracker.ietf.org/doc/rfc1035},
  urldate  = {2023-10-20},
}

 
@Misc{2023,
  howpublished = {online},
  month        = mar,
  title        = {{IBM} {Documentation}},
  year         = {2023},
  abstract     = {IBM Documentation.},
  copyright    = {Â© Copyright IBM Corporation 2023},
  language     = {en-US},
  url          = {https://www.ibm.com/docs/en/aix/7.1?topic=d-dig-command},
  urldate      = {2023-10-20},
}

 
@TechReport{Brisco1995,
  author   = {Brisco, Thomas P.},
  title    = {{DNS} {Support} for {Load} {Balancing}},
  year     = {1995},
  month    = apr,
  number   = {RFC 1794},
  abstract = {This RFC is meant to first chronicle a foray into the IETF DNS Working Group, discuss other possible alternatives to provide/simulate load balancing support for DNS, and to provide an ultimate, flexible solution for providing DNS support for balancing loads of many types. This memo provides information for the Internet community. This memo does not specify an Internet standard of any kind.},
  doi      = {10.17487/RFC1794},
  file     = {:Brisco1995 - DNS Support for Load Balancing.pdf:PDF},
  url      = {https://datatracker.ietf.org/doc/rfc1794},
  urldate  = {2023-10-20},
}

@Comment{jabref-meta: databaseType:bibtex;}
